<?xml version="1.0" encoding="UTF-8"?>
<collection xmlns:xsi="http://www.w3.org/2001/XMLSchema-instance" xsi:schemaLocation="http://www.loc.gov/MARC21/slim http://www.loc.gov/standards/marcxml/schema/MARC21slim.xsd" xmlns="http://www.loc.gov/MARC21/slim">
<record>
  <leader>01092cam a2200277 i 4500</leader>
  <controlfield tag="001">197083</controlfield>
  <controlfield tag="003">NNC</controlfield>
  <controlfield tag="005">20130423012213.0</controlfield>
  <controlfield tag="008">830203m19631965ir       b    000 0 ara d</controlfield>
  <datafield tag="035" ind1=" " ind2=" ">
    <subfield code="a">(OCoLC)213807772</subfield>
  </datafield>
  <datafield tag="035" ind1=" " ind2=" ">
    <subfield code="a">(OCoLC)ocn213807772</subfield>
  </datafield>
  <datafield tag="035" ind1=" " ind2=" ">
    <subfield code="a">(CStRLIN)NYCG83-B7946</subfield>
  </datafield>
  <datafield tag="035" ind1=" " ind2=" ">
    <subfield code="9">AAW8273CU</subfield>
  </datafield>
  <datafield tag="035" ind1=" " ind2=" ">
    <subfield code="a">(NNC)197083</subfield>
  </datafield>
  <datafield tag="040" ind1=" " ind2=" ">
    <subfield code="a">NNC</subfield>
    <subfield code="c">NNC</subfield>
  </datafield>
  <datafield tag="090" ind1=" " ind2=" ">
    <subfield code="a">BP130.4</subfield>
    <subfield code="b">.H89</subfield>
  </datafield>
  <datafield tag="100" ind1="1" ind2=" ">
    <subfield code="a">Ḥuwayzī, ʻAbd ʻAlī ibn Jumʻah,</subfield>
    <subfield code="d">-1643.</subfield>
  </datafield>
  <datafield tag="240" ind1="1" ind2="0">
    <subfield code="a">Nūr al-thaqalayn</subfield>
  </datafield>
  <datafield tag="245" ind1="1" ind2="0">
    <subfield code="a">Kitāb tafsīr Nūr al-thaqalayn /</subfield>
    <subfield code="c">li-mu'allifihi ʻAbd ʻAlī ibn Jumʻah al-ʻArūsī al-Ḥuwayzī ; ṣaḥḥaḥahu wa-ʻallaqa ʻalayhi wa-ashrafa ʻalá ṭabʻihi Hāshim al-Rasūlī al-Maḥallātī ; bi-nafaqat Abī al-Qāsim al-mushtahir bi-Sālik.</subfield>
  </datafield>
  <datafield tag="260" ind1=" " ind2=" ">
    <subfield code="a">Qum :</subfield>
    <subfield code="b">al-Maṭbaʻah al-ʻIlmīyah,</subfield>
    <subfield code="c">1383-1385 (1963-1965)</subfield>
  </datafield>
  <datafield tag="300" ind1=" " ind2=" ">
    <subfield code="a">5 v. ;</subfield>
    <subfield code="c">25 cm.</subfield>
  </datafield>
  <datafield tag="504" ind1=" " ind2=" ">
    <subfield code="a">Includes bibliographical references.</subfield>
  </datafield>
  <datafield tag="630" ind1="0" ind2="0">
    <subfield code="a">Qurʼan</subfield>
    <subfield code="v">Commentaries.</subfield>
  </datafield>
  <datafield tag="700" ind1="1" ind2=" ">
    <subfield code="a">Rasūlī Maḥallātī, Hāshim.</subfield>
  </datafield>
  <datafield tag="740" ind1="0" ind2="1">
    <subfield code="a">Nūr al-thaqalayn.</subfield>
  </datafield>
  <datafield tag="740" ind1="0" ind2="1">
    <subfield code="a">Tafsīr Nūr al-thaqalayn.</subfield>
  </datafield>
  <datafield tag="955" ind1=" " ind2=" ">
    <subfield code="b">0036758337</subfield>
    <subfield code="d">glx</subfield>
    <subfield code="e">BP130.4 .H89</subfield>
    <subfield code="v">v.2</subfield>
  </datafield>
</record>
</collection>